


@article{Vuorre_2018,
	doi = {10.1177/2515245918754826},
	url = {https://doi.org/10.1177%2F2515245918754826},
	year = 2018,
	month = {apr},
	publisher = {{SAGE} Publications},
	pages = {251524591875482},
	author = {Matti Vuorre and James P. Curley},
	title = {Curating Research Assets: A Tutorial on the Git Version Control System},
	journal = {Advances in Methods and Practices in Psychological Science}
}
