


@article{Maas_2016,
	doi = {10.1001/jamaoncol.2016.1025},
	url = {https://doi.org/10.1001%2Fjamaoncol.2016.1025},
	year = 2016,
	month = {oct},
	publisher = {American Medical Association ({AMA})},
	volume = {2},
	number = {10},
	pages = {1295},
	author = {Paige Maas and Myrto Barrdahl and Amit D. Joshi and Paul L. Auer and Mia M. Gaudet and Roger L. Milne and Fredrick R. Schumacher and William F. Anderson and David Check and Subham Chattopadhyay and Laura Baglietto and Christine D. Berg and Stephen J. Chanock and David G. Cox and Jonine D. Figueroa and Mitchell H. Gail and Barry I. Graubard and Christopher A. Haiman and Susan E. Hankinson and Robert N. Hoover and Claudine Isaacs and Laurence N. Kolonel and Loic Le Marchand and I-Min Lee and Sara Lindstr√∂m and Kim Overvad and Isabelle Romieu and Maria-Jose Sanchez and Melissa C. Southey and Daniel O. Stram and Rosario Tumino and Tyler J. VanderWeele and Walter C. Willett and Shumin Zhang and Julie E. Buring and Federico Canzian and Susan M. Gapstur and Brian E. Henderson and David J. Hunter and Graham G Giles and Ross L. Prentice and Regina G. Ziegler and Peter Kraft and Montse Garcia-Closas and Nilanjan Chatterjee},
	title = {Breast Cancer Risk From Modifiable and Nonmodifiable Risk Factors Among White Women in the United States},
	journal = {{JAMA} Oncology}
}



@article{Islami_2018,
	doi = {10.3322/caac.21440},
	url = {https://doi.org/10.3322%2Fcaac.21440},
	year = 2018,
	month = {nov},
	publisher = {American Cancer Society},
	volume = {68},
	number = {1},
	pages = {31--54},
	author = {Farhad Islami and Ann Goding Sauer and Kimberly D. Miller and Rebecca L. Siegel and Stacey A. Fedewa and Eric J. Jacobs and Marjorie L. McCullough and Alpa V. Patel and Jiemin Ma and Isabelle Soerjomataram and W. Dana Flanders and Otis W. Brawley and Susan M. Gapstur and Ahmedin Jemal},
	title = {Proportion and number of cancer cases and deaths attributable to potentially modifiable risk factors in the United States},
	journal = {{CA}: A Cancer Journal for Clinicians}
}



@article{Machiela_2014,
	doi = {10.1002/ijc.29393},
	url = {https://doi.org/10.1002%2Fijc.29393},
	year = 2014,
	month = {dec},
	publisher = {Wiley-Blackwell},
	volume = {137},
	number = {2},
	pages = {311--319},
	author = {Mitchell J. Machiela and Chao Agnes Hsiung and Xiao-Ou Shu and Wei Jie Seow and Zhaoming Wang and Keitaro Matsuo and Yun-Chul Hong and Adeline Seow and Chen Wu and H. Dean Hosgood and Kexin Chen and Jiu-Cun Wang and Wanqing Wen and Richard Cawthon and Nilanjan Chatterjee and Wei Hu and Neil E. Caporaso and Jae Yong Park and Chien-Jen Chen and Yeul Hong Kim and Young Tae Kim and Maria Teresa Landi and Hongbing Shen and Charles Lawrence and Laurie Burdett and Meredith Yeager and I-Shou Chang and Tetsuya Mitsudomi and Hee Nam Kim and Gee-Chen Chang and Bryan A. Bassig and Margaret Tucker and Fusheng Wei and Zhihua Yin and She-Juan An and Biyun Qian and Victor Ho Fun Lee and Daru Lu and Jianjun Liu and Hyo-Sung Jeon and Chin-Fu Hsiao and Jae Sook Sung and Jin Hee Kim and Yu-Tang Gao and Ying-Huang Tsai and Yoo Jin Jung and Huan Guo and Zhibin Hu and Amy Hutchinson and Wen-Chang Wang and Robert J. Klein and Charles C. Chung and In-Jae Oh and Kuan-Yu Chen and Sonja I. Berndt and Wei Wu and Jiang Chang and Xu-Chao Zhang and Ming-Shyan Huang and Hong Zheng and Junwen Wang and Xueying Zhao and Yuqing Li and Jin Eun Choi and Wu-Chou Su and Kyong Hwa Park and Sook Whan Sung and Yuh-Min Chen and Li Liu and Chang Hyun Kang and Lingmin Hu and Chung-Hsing Chen and William Pao and Young-Chul Kim and Tsung-Ying Yang and Jun Xu and Peng Guan and Wen Tan and Jian Su and Chih-Liang Wang and Haixin Li and Alan Dart Loon Sihoe and Zhenhong Zhao and Ying Chen and Yi Young Choi and Jen-Yu Hung and Jun Suk Kim and Ho-Il Yoon and Qiuyin Cai and Chien-Chung Lin and In Kyu Park and Ping Xu and Jing Dong and Christopher Kim and Qincheng He and Reury-Perng Perng and Takashi Kohno and Sun-Seog Kweon and Chih-Yi Chen and Roel C.H Vermeulen and Junjie Wu and Wei-Yen Lim and Kun-Chieh Chen and Wong-Ho Chow and Bu-Tian Ji and John K. C. Chan and Minjie Chu and Yao-Jen Li and Jun Yokota and Jihua Li and Hongyan Chen and Yong-Bing Xiang and Chong-Jen Yu and Hideo Kunitoh and Guoping Wu and Li Jin and Yen-Li Lo and Kouya Shiraishi and Ying-Hsiang Chen and Hsien-Chih Lin and Tangchun Wu and Maria Pik Wong and Yi-Long Wu and Pan-Chyr Yang and Baosen Zhou and Min-Ho Shin and Joseph F. Fraumeni and Wei Zheng and Dongxin Lin and Stephen J. Chanock and Nathaniel Rothman and Qing Lan},
	title = {Genetic variants associated with longer telomere length are associated with increased lung cancer risk among never-smoking women in Asia: a report from the female lung cancer consortium in Asia},
	journal = {International Journal of Cancer}
}



@article{Chin_2008,
	doi = {10.1158/0008-5472.can-08-2129},
	url = {https://doi.org/10.1158%2F0008-5472.can-08-2129},
	year = 2008,
	month = {oct},
	publisher = {American Association for Cancer Research ({AACR})},
	volume = {68},
	number = {20},
	pages = {8535--8540},
	author = {L. J. Chin and E. Ratner and S. Leng and R. Zhai and S. Nallur and I. Babar and R.-U. Muller and E. Straka and L. Su and E. A. Burki and R. E. Crowell and R. Patel and T. Kulkarni and R. Homer and D. Zelterman and K. K. Kidd and Y. Zhu and D. C. Christiani and S. A. Belinsky and F. J. Slack and J. B. Weidhaas},
	title = {A {SNP} in a let-7 {microRNA} Complementary Site in the {KRAS} 3{\textquotesingle} Untranslated Region Increases Non-Small Cell Lung Cancer Risk},
	journal = {Cancer Research}
}



@article{Hung_2008,
	doi = {10.1038/nature06885},
	url = {https://doi.org/10.1038%2Fnature06885},
	year = 2008,
	month = {apr},
	publisher = {Springer Nature},
	volume = {452},
	number = {7187},
	pages = {633--637},
	author = {Rayjean J. Hung and James D. McKay and Valerie Gaborieau and Paolo Boffetta and Mia Hashibe and David Zaridze and Anush Mukeria and Neonilia Szeszenia-Dabrowska and Jolanta Lissowska and Peter Rudnai and Eleonora Fabianova and Dana Mates and Vladimir Bencko and Lenka Foretova and Vladimir Janout and Chu Chen and Gary Goodman and John K. Field and Triantafillos Liloglou and George Xinarianos and Adrian Cassidy and John McLaughlin and Geoffrey Liu and Steven Narod and Hans E. Krokan and Frank Skorpen and Maiken Bratt Elvestad and Kristian Hveem and Lars Vatten and Jakob Linseisen and Fran{\c{c}}oise Clavel-Chapelon and Paolo Vineis and H. Bas Bueno-de-Mesquita and Eiliv Lund and Carmen Martinez and Sheila Bingham and Torgny Rasmuson and Pierre Hainaut and Elio Riboli and Wolfgang Ahrens and Simone Benhamou and Pagona Lagiou and Dimitrios Trichopoulos and Ivana Holc{\'{a}}tov{\'{a}} and Franco Merletti and Kristina Kjaerheim and Antonio Agudo and Gary Macfarlane and Renato Talamini and Lorenzo Simonato and Ray Lowry and David I. Conway and Ariana Znaor and Claire Healy and Diana Zelenika and Anne Boland and Marc Delepine and Mario Foglio and Doris Lechner and Fumihiko Matsuda and Helene Blanche and Ivo Gut and Simon Heath and Mark Lathrop and Paul Brennan},
	title = {A susceptibility locus for lung cancer maps to nicotinic acetylcholine receptor subunit genes on 15q25},
	journal = {Nature}
}



@article{Wang_2008,
	doi = {10.1038/ng.273},
	url = {https://doi.org/10.1038%2Fng.273},
	year = 2008,
	month = {nov},
	publisher = {Springer Nature},
	volume = {40},
	number = {12},
	pages = {1407--1409},
	author = {Yufei Wang and Peter Broderick and Emily Webb and Xifeng Wu and Jayaram Vijayakrishnan and Athena Matakidou and Mobshra Qureshi and Qiong Dong and Xiangjun Gu and Wei Vivien Chen and Margaret R Spitz and Timothy Eisen and Christopher I Amos and Richard S Houlston},
	title = {Common 5p15.33 and 6p21.33 variants influence lung cancer risk},
	journal = {Nature Genetics}
}

@article{center2011global,
  title={Global Cancer Facts \& Figures 2nd Edition},
  author={Center, Melissa and Siegel, Rebecca and Jemal, Ahmedin},
  journal={Atlanta: American Cancer Society},
  pages={1--52},
  year={2011}
}

@article{center2015global,
  title={Global Cancer Facts \& Figures 3rd Edition},
  author={Center, Melissa and Siegel, Rebecca and Jemal, Ahmedin},
  journal={Atlanta: American Cancer Society},
  pages={1--61},
  year={2015}
}



@article{Siegel_2018,
	doi = {10.3322/caac.21442},
	url = {https://doi.org/10.3322%2Fcaac.21442},
	year = 2018,
	month = {jan},
	publisher = {American Cancer Society},
	volume = {68},
	number = {1},
	pages = {7--30},
	author = {Rebecca L. Siegel and Kimberly D. Miller and Ahmedin Jemal},
	title = {Cancer statistics, 2018},
	journal = {{CA}: A Cancer Journal for Clinicians}
}





@article{ARIC_1989,
	doi = {10.1093/oxfordjournals.aje.a115184},
	url = {https://doi.org/10.1093%2Foxfordjournals.aje.a115184},
	year = 1989,
	month = {apr},
	publisher = {Oxford University Press ({OUP})},
	volume = {129},
	number = {4},
	pages = {687--702},
	title = {{THE} {ATHEROSCLEROSIS} {RISK} {IN} {COMMUNITIES} ({ARIC}) {STUDY}: {DESIGN} {AND} {OBJECTIVES}},
	journal = {American Journal of Epidemiology}
}



@article{Joshu_2017,
	doi = {10.1158/1055-9965.epi-17-0696},
	url = {https://doi.org/10.1158%2F1055-9965.epi-17-0696},
	year = 2017,
	month = {dec},
	publisher = {American Association for Cancer Research ({AACR})},
	volume = {27},
	number = {3},
	pages = {295--305},
	author = {Corinne E. Joshu and John R. Barber and Josef Coresh and David J. Couper and Thomas H. Mosley and Mara Z. Vitolins and Kenneth R. Butler and Heather H. Nelson and Anna E. Prizment and Elizabeth Selvin and Janet A. Tooze and Kala Visvanathan and Aaron R. Folsom and Elizabeth A. Platz},
	title = {Enhancing the Infrastructure of the Atherosclerosis Risk in Communities ({ARIC}) Study for Cancer Epidemiology Research: {ARIC} Cancer},
	journal = {Cancer Epidemiology Biomarkers {\&} Prevention}
}



@article{Chou_2016,
	doi = {10.1038/srep39313},
	url = {https://doi.org/10.1038%2Fsrep39313},
	year = 2016,
	month = {dec},
	publisher = {Springer Nature},
	volume = {6},
	number = {1},
	author = {Wen-Chi Chou and Hou-Feng Zheng and Chia-Ho Cheng and Han Yan and Li Wang and Fang Han and J. Brent Richards and David Karasik and Douglas P. Kiel and Yi-Hsiang Hsu},
	title = {A combined reference panel from the 1000{\hspace{0.167em}}Genomes and {UK}10K projects improved rare variant imputation in European and Chinese samples},
	journal = {Scientific Reports}
}


@Manual{R_2017,
title = {R: A Language and Environment for Statistical Computing},
author = {{R Core Team}},
organization = {R Foundation for Statistical Computing},
address = {Vienna, Austria},
year = {2017},
url = {https://www.R-project.org/},
}

@Manual{rpart_2017,
title = {rpart: Recursive Partitioning and Regression Trees},
author = {Terry Therneau and Beth Atkinson and Brian Ripley},
year = {2017},
note = {R package version 4.1-11},
url = {https://CRAN.R-project.org/package=rpart},
}




@article{Ishwaran_2008,
	doi = {10.1214/08-aoas169},
	url = {https://doi.org/10.1214%2F08-aoas169},
	year = 2008,
	month = {sep},
	publisher = {Institute of Mathematical Statistics},
	volume = {2},
	number = {3},
	pages = {841--860},
	author = {Hemant Ishwaran and Udaya B. Kogalur and Eugene H. Blackstone and Michael S. Lauer},
	title = {Random survival forests},
	journal = {The Annals of Applied Statistics}
}



@inproceedings{Chen_2016,
	doi = {10.1145/2939672.2939785},
	url = {https://doi.org/10.1145%2F2939672.2939785},
	year = 2016,
	publisher = {{ACM} Press},
	author = {Tianqi Chen and Carlos Guestrin},
	title = {{XGBoost}},
	booktitle = {Proceedings of the 22nd {ACM} {SIGKDD} International Conference on Knowledge Discovery and Data Mining - {KDD} {\textquotesingle}16}
}
