
@article{perez_2007,
	title = {{IPython}: a {System} for {Interactive} {Scientific} {Computing}},
	volume = {9},
	number = {3},
	journal = {Computing in Science \& Engineering},
	author = {Pérez, F. and Granger, B. E.},
	month = may,
	year = {2007},
	pages = {21--29},
	annote = {URL: http://ipython.org}
}


@book{perez_2005,
	address = {Caltech},
	title = {{IPython}'s future: parallel computing for the rest of us},
	publisher = {SciPy'05 Conference},
	author = {Pérez, F. and Granger, B. E. and Giustini, A.},
	month = sep,
	year = {2005},
	note = {Published: SciPy'05 Conference},
	annote = {URL: http://ipython.scipy.org/misc/scipy05-parallel.pdf}
}