@article {CAAC:CAAC21440,
author = {Islami, Farhad and Goding Sauer, Ann and Miller, Kimberly D. and Siegel, Rebecca L. and Fedewa, Stacey A. and Jacobs, Eric J. and McCullough, Marjorie L. and Patel, Alpa V. and Ma, Jiemin and Soerjomataram, Isabelle and Flanders, W. Dana and Brawley, Otis W. and Gapstur, Susan M. and Jemal, Ahmedin},
title = {Proportion and number of cancer cases and deaths attributable to potentially modifiable risk factors in the United States},
journal = {CA: A Cancer Journal for Clinicians},
volume = {68},
number = {1},
issn = {1542-4863},
url = {http://dx.doi.org/10.3322/caac.21440},
doi = {10.3322/caac.21440},
pages = {31--54},
keywords = {cancer, prevention, population-attributable fraction, risk factor},
year = {2018},
}
