
@article{Mahmood_2014,
	title = {The {Framingham} {Heart} {Study} and the epidemiology of cardiovascular disease: a historical perspective},
	volume = {383},
	year = {2014},
	issn = {0140-6736},
	url = {http://dx.doi.org/10.1016/S0140-6736(13)61752-3},
	doi = {10.1016/S0140-6736(13)61752-3},
	number = {9921},
	urldate = {2018-04-24},
	journal = {The Lancet},
	author = {Mahmood, Syed S and Levy, Daniel and Vasan, Ramachandran S and Wang, Thomas J},
	pages = {999--1008},
	annote = {doi: 10.1016/S0140-6736(13)61752-3}
}